

@book{hennessy2011computer,
	address = {San Francisco, CA},
	author = {Hennessy, John L. and Patterson, David A.},
	date-added = {2025-03-05 02:57:32 -0500},
	date-modified = {2025-03-05 02:57:32 -0500},
	edition = {5th},
	publisher = {Morgan Kaufmann},
	title = {Computer Architecture: A Quantitative Approach},
	year = {2011}}

@book{cormen2009introduction,
	address = {Cambridge, MA},
	author = {Cormen, Thomas H. and Leiserson, Charles E. and Rivest, Ronald L. and Stein, Clifford},
	date-added = {2025-03-05 02:52:05 -0500},
	date-modified = {2025-03-05 02:52:05 -0500},
	edition = {3rd},
	publisher = {MIT Press},
	title = {Introduction to Algorithms},
	year = {2009}}

@article{sorensen1987real,
	author = {Sorensen, H V and Jones, D and Heideman, Michael and Burrus, C},
	date-added = {2025-03-05 02:43:15 -0500},
	date-modified = {2025-03-05 02:43:15 -0500},
	journal = {IEEE Transactions on acoustics, speech, and signal processing},
	number = {6},
	pages = {849--863},
	publisher = {IEEE},
	title = {Real-valued fast Fourier transform algorithms},
	volume = {35},
	year = {1987}}

@article{cooley1965algorithm,
	author = {Cooley, James W. and Tukey, John W.},
	date-added = {2025-03-05 02:25:21 -0500},
	date-modified = {2025-03-05 02:25:21 -0500},
	journal = {Mathematics of Computation},
	number = {90},
	pages = {297--301},
	publisher = {American Mathematical Society},
	title = {An algorithm for the machine calculation of complex Fourier series},
	volume = {19},
	year = {1965}}

@book{oppenheim1999discrete,
	author = {Oppenheim, Alan V. and Schafer, Ronald W. and Buck, John R.},
	date-added = {2025-03-05 02:25:21 -0500},
	date-modified = {2025-03-05 02:25:21 -0500},
	publisher = {Prentice Hall},
	title = {Discrete-Time Signal Processing},
	year = {1999}}

@book{smith1997scientist,
	author = {Smith, Steven W.},
	date-added = {2025-03-05 02:25:21 -0500},
	date-modified = {2025-03-05 02:25:21 -0500},
	publisher = {California Technical Publishing},
	title = {The Scientist and Engineer's Guide to Digital Signal Processing},
	year = {1997}}

@article{allen1977short,
	author = {Allen, J. B. and Rabiner, L. R.},
	date-added = {2025-03-05 02:25:21 -0500},
	date-modified = {2025-03-05 02:25:21 -0500},
	journal = {Proceedings of the IEEE},
	number = {11},
	pages = {1558--1564},
	publisher = {IEEE},
	title = {A unified approach to short-time Fourier analysis and synthesis},
	volume = {65},
	year = {1977}}
